@book{hahn-cic,
  author={Alexander J. Hahn},
  title={Calculus in Context: Background, Basics, and Applications},
  publisher={Johns Hopkins University Press},
  year={2017},
}

@book{hahn-orbits,
  author={Alexander J. Hahn},
  title={Basic Calculus of Planetary Orbits and Interplanetary Flight:
         The Missions of the {Voyagers}, {Cassini}, and {Juno}},
  publisher={Springer},
  year={2020},
}

@article{stein,
  title={Exactly How Did {Newton} Deal with His Planets?},
  author={S. K. Stein},
  journal={The Mathematical Intelligencer},
  volume=18,
  number=2,
  year=1996,
  pages={6--11},
}

@article{hauser-lang,
  title={On the Geometrical and Physical Meaning of {Newton's} Solution to
         {Kepler's} Problem},
  author={Kai Hauser and Reinhard Lang},
  journal={The Mathematical Intelligencer},
  volume=25,
  number=4,
  year=2003,
  pages={35--44},
}

@book{newton-cohen,
 author = {I. Bernard Cohen and Anne Whitman and Julia Budenz},
 publisher = {University of California Press},
 title = {The {Principia}: Mathematical Principles of Natural Philosophy},
 year = {1999},
 note={Preceded by \textit{A Guide to Newton's Principia} by 
       I. Bernard Cohen},
}

@misc{griffiths,
  author={Griffiths, Graham},
  year=2009,
  title={The Inverse Square Law of Gravitation: An Alternative to 
         {Newton's} Derivation}, 
  howpublished={
    \url{https://www.researchgate.net/publication/264978661_The_Inverse_Square_Law_of_Gravitation_An_Alternative_to_Newton's_Derivation
    }
  }
}

@book{besant,
  title={Conic Sections, Treated Geometrically (Ninth Edition Revised and Enlarged)},
  publisher={George Bell and Sons},
  address={London},
  year=1895,
  author={W. H. Besant},
  note={\url{https://www.gutenberg.org/ebooks/29913} and
        \url{https://archive.org/details/cu31924059322481}},
}

@misc{wiki-ellipse,
    author = "{Wikipedia contributors}",
    title = "Ellipse --- {Wikipedia}{,} The Free Encyclopedia",
    year = "2023",
    howpublished = "\url{https://en.wikipedia.org/w/index.php?title=Ellipse&oldid=1168583658}",
    note = "[Online; accessed 12-August-2023]"
  }
